<?xml version="1.0" encoding="UTF-8"?><record xmlns="http://www.loc.gov/MARC21/slim" xmlns:cinclude="http://apache.org/cocoon/include/1.0" xmlns:zs="http://www.loc.gov/zing/srw/">
  <leader>01319cz  a2200205n  4500</leader>
  <controlfield tag="001">n 2004095438</controlfield>
  <controlfield tag="003">DLC</controlfield>
  <controlfield tag="005">20130322084104.0</controlfield>
  <controlfield tag="008">040301n| azannaabn          |a aaa      </controlfield>
  <datafield tag="010" ind1=" " ind2=" ">
    <subfield code="a">n 2004095438</subfield>
  </datafield>
  <datafield tag="040" ind1=" " ind2=" ">
    <subfield code="a">DLC</subfield>
    <subfield code="b">eng</subfield>
    <subfield code="e">rda</subfield>
    <subfield code="c">DLC</subfield>
    <subfield code="d">DLC</subfield>
  </datafield>
  <datafield tag="100" ind1="0" ind2=" ">
    <subfield code="a">Abū Bakr al-Darbandī,</subfield>
    <subfield code="d">-1145.</subfield>
    <subfield code="t">Raykhān al-khaqāʼiq</subfield>
  </datafield>
  <datafield tag="400" ind1="0" ind2=" ">
    <subfield code="a">Abū Bakr al-Darbandī,</subfield>
    <subfield code="d">-1145.</subfield>
    <subfield code="t">Basil of truths and the garden of subtleties</subfield>
  </datafield>
  <datafield tag="400" ind1="0" ind2=" ">
    <subfield code="a">Abū Bakr al-Darbandī,</subfield>
    <subfield code="d">-1145.</subfield>
    <subfield code="t">Basilica of verities and garden of delicacies;</subfield>
  </datafield>
  <datafield tag="400" ind1="0" ind2=" ">
    <subfield code="a">Abū Bakr al-Darbandī,</subfield>
    <subfield code="d">-1145.</subfield>
    <subfield code="t">Raĭkhan al-khaka'ik</subfield>
  </datafield>
  <datafield tag="400" ind1="0" ind2=" ">
    <subfield code="a">Abū Bakr al-Darbandī,</subfield>
    <subfield code="d">-1145.</subfield>
    <subfield code="t">Rayḥān al-ḥaqāʼiq  wa-bustān al-daqāʼiq</subfield>
  </datafield>
  <datafield tag="400" ind1="0" ind2=" ">
    <subfield code="a">Abū Bakr al-Darbandī,</subfield>
    <subfield code="d">-1145.</subfield>
    <subfield code="t">Raykhan al-khaka'ik va-bustan ad-daka'ik</subfield>
  </datafield>
  <datafield tag="400" ind1="0" ind2=" ">
    <subfield code="w">nnea</subfield>
    <subfield code="a">Abū Bakr al-Darbandī,</subfield>
    <subfield code="d">d. 1145.</subfield>
    <subfield code="t">Raykhān al-khaqāʼiq</subfield>
  </datafield>
  <datafield tag="670" ind1=" " ind2=" ">
    <subfield code="a">Alikberov, A. K. Ėpokha klassicheskogo islama na Kavkaze, 2003:</subfield>
    <subfield code="b">t.p. (Raĭkhan al-khaka'ik) p. 832 (Rayhan al-haqa'iq  wa-bustan ad-daqa'iq (The Basil of truths and the garden of subtleties))</subfield>
  </datafield>
  <datafield tag="670" ind1=" " ind2=" ">
    <subfield code="a">www.eng.kavkaz.memo.ru</subfield>
    <subfield code="b">(Raykhan al-khaka'ik va-bustan ad-daka'ik (Basilica of verities and garden of delicacies; the most significant of the extant literature of early Sufism in the Caucasus, and written in the form of an encyclopedic dictionary))</subfield>
  </datafield>
</record>